%YAML 1.1
%TAG !u! tag:unity3d.com,2011:
--- !u!1 &2059277163080531647
GameObject:
  m_ObjectHideFlags: 0
  m_CorrespondingSourceObject: {fileID: 0}
  m_PrefabInstance: {fileID: 0}
  m_PrefabAsset: {fileID: 0}
  serializedVersion: 6
  m_Component:
  - component: {fileID: 2062598830011884573}
  - component: {fileID: 2051932150608398821}
  m_Layer: 0
  m_Name: Collider4
  m_TagString: Untagged
  m_Icon: {fileID: 0}
  m_NavMeshLayer: 0
  m_StaticEditorFlags: 0
  m_IsActive: 1
--- !u!4 &2062598830011884573
Transform:
  m_ObjectHideFlags: 0
  m_CorrespondingSourceObject: {fileID: 0}
  m_PrefabInstance: {fileID: 0}
  m_PrefabAsset: {fileID: 0}
  m_GameObject: {fileID: 2059277163080531647}
  m_LocalRotation: {x: -0, y: -0, z: -0, w: 1}
  m_LocalPosition: {x: -3.717, y: 0.231, z: -1.5}
  m_LocalScale: {x: 1, y: 1, z: 1}
  m_Children: []
  m_Father: {fileID: 2062322460453914045}
  m_RootOrder: 3
  m_LocalEulerAnglesHint: {x: 0, y: 0, z: 0}
--- !u!65 &2051932150608398821
BoxCollider:
  m_ObjectHideFlags: 0
  m_CorrespondingSourceObject: {fileID: 0}
  m_PrefabInstance: {fileID: 0}
  m_PrefabAsset: {fileID: 0}
  m_GameObject: {fileID: 2059277163080531647}
  m_Material: {fileID: 0}
  m_IsTrigger: 0
  m_Enabled: 1
  serializedVersion: 2
  m_Size: {x: 0.8, y: 0.7, z: 3.2}
  m_Center: {x: 0, y: 0, z: 0}
--- !u!1 &2059461282580137471
GameObject:
  m_ObjectHideFlags: 0
  m_CorrespondingSourceObject: {fileID: 0}
  m_PrefabInstance: {fileID: 0}
  m_PrefabAsset: {fileID: 0}
  serializedVersion: 6
  m_Component:
  - component: {fileID: 2062338649129572597}
  - component: {fileID: 2051553921289415721}
  m_Layer: 0
  m_Name: Collider3
  m_TagString: Untagged
  m_Icon: {fileID: 0}
  m_NavMeshLayer: 0
  m_StaticEditorFlags: 0
  m_IsActive: 1
--- !u!4 &2062338649129572597
Transform:
  m_ObjectHideFlags: 0
  m_CorrespondingSourceObject: {fileID: 0}
  m_PrefabInstance: {fileID: 0}
  m_PrefabAsset: {fileID: 0}
  m_GameObject: {fileID: 2059461282580137471}
  m_LocalRotation: {x: -0, y: -0, z: -0, w: 1}
  m_LocalPosition: {x: 3.717, y: 0.231, z: -1.5}
  m_LocalScale: {x: 1, y: 1, z: 1}
  m_Children: []
  m_Father: {fileID: 2062322460453914045}
  m_RootOrder: 2
  m_LocalEulerAnglesHint: {x: 0, y: 0, z: 0}
--- !u!65 &2051553921289415721
BoxCollider:
  m_ObjectHideFlags: 0
  m_CorrespondingSourceObject: {fileID: 0}
  m_PrefabInstance: {fileID: 0}
  m_PrefabAsset: {fileID: 0}
  m_GameObject: {fileID: 2059461282580137471}
  m_Material: {fileID: 0}
  m_IsTrigger: 0
  m_Enabled: 1
  serializedVersion: 2
  m_Size: {x: 0.8, y: 0.7, z: 3.2}
  m_Center: {x: 0, y: 0, z: 0}
--- !u!1 &2059575519368904251
GameObject:
  m_ObjectHideFlags: 0
  m_CorrespondingSourceObject: {fileID: 0}
  m_PrefabInstance: {fileID: 0}
  m_PrefabAsset: {fileID: 0}
  serializedVersion: 6
  m_Component:
  - component: {fileID: 2062410695593561369}
  - component: {fileID: 2051886130360481945}
  m_Layer: 0
  m_Name: Collider2
  m_TagString: Untagged
  m_Icon: {fileID: 0}
  m_NavMeshLayer: 0
  m_StaticEditorFlags: 0
  m_IsActive: 1
--- !u!4 &2062410695593561369
Transform:
  m_ObjectHideFlags: 0
  m_CorrespondingSourceObject: {fileID: 0}
  m_PrefabInstance: {fileID: 0}
  m_PrefabAsset: {fileID: 0}
  m_GameObject: {fileID: 2059575519368904251}
  m_LocalRotation: {x: -0, y: -0, z: -0, w: 1}
  m_LocalPosition: {x: 0, y: 0.29, z: 2.84}
  m_LocalScale: {x: 1, y: 1, z: 1}
  m_Children: []
  m_Father: {fileID: 2062322460453914045}
  m_RootOrder: 1
  m_LocalEulerAnglesHint: {x: 0, y: 0, z: 0}
--- !u!65 &2051886130360481945
BoxCollider:
  m_ObjectHideFlags: 0
  m_CorrespondingSourceObject: {fileID: 0}
  m_PrefabInstance: {fileID: 0}
  m_PrefabAsset: {fileID: 0}
  m_GameObject: {fileID: 2059575519368904251}
  m_Material: {fileID: 0}
  m_IsTrigger: 0
  m_Enabled: 1
  serializedVersion: 2
  m_Size: {x: 1, y: 0.6, z: 4}
  m_Center: {x: 0, y: 0, z: 0}
--- !u!1 &2059716839542194065
GameObject:
  m_ObjectHideFlags: 0
  m_CorrespondingSourceObject: {fileID: 0}
  m_PrefabInstance: {fileID: 0}
  m_PrefabAsset: {fileID: 0}
  serializedVersion: 6
  m_Component:
  - component: {fileID: 2053676001807124627}
  - component: {fileID: 2051245644232101813}
  m_Layer: 0
  m_Name: Collider5
  m_TagString: Untagged
  m_Icon: {fileID: 0}
  m_NavMeshLayer: 0
  m_StaticEditorFlags: 0
  m_IsActive: 1
--- !u!4 &2053676001807124627
Transform:
  m_ObjectHideFlags: 0
  m_CorrespondingSourceObject: {fileID: 0}
  m_PrefabInstance: {fileID: 0}
  m_PrefabAsset: {fileID: 0}
  m_GameObject: {fileID: 2059716839542194065}
  m_LocalRotation: {x: -0, y: -0, z: -0, w: 1}
  m_LocalPosition: {x: 0, y: 0.16, z: -0.15}
  m_LocalScale: {x: 1, y: 1, z: 1}
  m_Children: []
  m_Father: {fileID: 2062322460453914045}
  m_RootOrder: 4
  m_LocalEulerAnglesHint: {x: 0, y: 0, z: 0}
--- !u!65 &2051245644232101813
BoxCollider:
  m_ObjectHideFlags: 0
  m_CorrespondingSourceObject: {fileID: 0}
  m_PrefabInstance: {fileID: 0}
  m_PrefabAsset: {fileID: 0}
  m_GameObject: {fileID: 2059716839542194065}
  m_Material: {fileID: 0}
  m_IsTrigger: 0
  m_Enabled: 1
  serializedVersion: 2
  m_Size: {x: 6.5, y: 0.2, z: 1.7}
  m_Center: {x: 0, y: 0, z: 0}
--- !u!1 &2059847371717451417
GameObject:
  m_ObjectHideFlags: 0
  m_CorrespondingSourceObject: {fileID: 0}
  m_PrefabInstance: {fileID: 0}
  m_PrefabAsset: {fileID: 0}
  serializedVersion: 6
  m_Component:
  - component: {fileID: 2062310815892529285}
  - component: {fileID: 2083042089768907059}
  - component: {fileID: 2072900257080449317}
  m_Layer: 0
  m_Name: PlayerShip
  m_TagString: Untagged
  m_Icon: {fileID: 0}
  m_NavMeshLayer: 0
  m_StaticEditorFlags: 0
  m_IsActive: 1
--- !u!4 &2062310815892529285
Transform:
  m_ObjectHideFlags: 0
  m_CorrespondingSourceObject: {fileID: 0}
  m_PrefabInstance: {fileID: 0}
  m_PrefabAsset: {fileID: 0}
  m_GameObject: {fileID: 2059847371717451417}
  m_LocalRotation: {x: -0.0000000020822513, y: -0.022564584, z: 0.000000021756273, w: 0.99974537}
  m_LocalPosition: {x: -0.43881702, y: -2.0899963, z: 14.066158}
  m_LocalScale: {x: 1, y: 1, z: 1}
  m_Children:
  - {fileID: 2062322460453914045}
  - {fileID: 8737968870497319969}
  - {fileID: 3062971818464149185}
  m_Father: {fileID: 0}
  m_RootOrder: 0
  m_LocalEulerAnglesHint: {x: 0, y: 94.174, z: 0}
--- !u!33 &2083042089768907059
MeshFilter:
  m_ObjectHideFlags: 0
  m_CorrespondingSourceObject: {fileID: 0}
  m_PrefabInstance: {fileID: 0}
  m_PrefabAsset: {fileID: 0}
  m_GameObject: {fileID: 2059847371717451417}
  m_Mesh: {fileID: 4300006, guid: e0f90ad78680d6145b082ac69f7fc504, type: 3}
--- !u!23 &2072900257080449317
MeshRenderer:
  m_ObjectHideFlags: 0
  m_CorrespondingSourceObject: {fileID: 0}
  m_PrefabInstance: {fileID: 0}
  m_PrefabAsset: {fileID: 0}
  m_GameObject: {fileID: 2059847371717451417}
  m_Enabled: 1
  m_CastShadows: 1
  m_ReceiveShadows: 1
  m_DynamicOccludee: 1
  m_MotionVectors: 1
  m_LightProbeUsage: 1
  m_ReflectionProbeUsage: 1
  m_RayTracingMode: 2
  m_RayTraceProcedural: 0
  m_RenderingLayerMask: 1
  m_RendererPriority: 0
  m_Materials:
  - {fileID: 2100000, guid: f4515b3c7e536f347a12e8ed4566741c, type: 2}
  m_StaticBatchInfo:
    firstSubMesh: 0
    subMeshCount: 0
  m_StaticBatchRoot: {fileID: 0}
  m_ProbeAnchor: {fileID: 0}
  m_LightProbeVolumeOverride: {fileID: 0}
  m_ScaleInLightmap: 1
  m_ReceiveGI: 1
  m_PreserveUVs: 0
  m_IgnoreNormalsForChartDetection: 0
  m_ImportantGI: 0
  m_StitchLightmapSeams: 0
  m_SelectedEditorRenderState: 3
  m_MinimumChartSize: 4
  m_AutoUVMaxDistance: 0.5
  m_AutoUVMaxAngle: 89
  m_LightmapParameters: {fileID: 0}
  m_SortingLayerID: 0
  m_SortingLayer: 0
  m_SortingOrder: 0
  m_AdditionalVertexStreams: {fileID: 0}
--- !u!1 &2059959709390331665
GameObject:
  m_ObjectHideFlags: 0
  m_CorrespondingSourceObject: {fileID: 0}
  m_PrefabInstance: {fileID: 0}
  m_PrefabAsset: {fileID: 0}
  serializedVersion: 6
  m_Component:
  - component: {fileID: 2053896271867877305}
  - component: {fileID: 2051206182622571421}
  m_Layer: 0
  m_Name: Collider1
  m_TagString: Untagged
  m_Icon: {fileID: 0}
  m_NavMeshLayer: 0
  m_StaticEditorFlags: 0
  m_IsActive: 1
--- !u!4 &2053896271867877305
Transform:
  m_ObjectHideFlags: 0
  m_CorrespondingSourceObject: {fileID: 0}
  m_PrefabInstance: {fileID: 0}
  m_PrefabAsset: {fileID: 0}
  m_GameObject: {fileID: 2059959709390331665}
  m_LocalRotation: {x: 0, y: 0, z: 0, w: 1}
  m_LocalPosition: {x: 0, y: 0.268, z: -1.231}
  m_LocalScale: {x: 1, y: 1, z: 1}
  m_Children: []
  m_Father: {fileID: 2062322460453914045}
  m_RootOrder: 0
  m_LocalEulerAnglesHint: {x: 0, y: 0, z: 0}
--- !u!65 &2051206182622571421
BoxCollider:
  m_ObjectHideFlags: 0
  m_CorrespondingSourceObject: {fileID: 0}
  m_PrefabInstance: {fileID: 0}
  m_PrefabAsset: {fileID: 0}
  m_GameObject: {fileID: 2059959709390331665}
  m_Material: {fileID: 0}
  m_IsTrigger: 0
  m_Enabled: 1
  serializedVersion: 2
  m_Size: {x: 1, y: 1.4, z: 4}
  m_Center: {x: 0, y: 0, z: 0}
--- !u!1 &2060092031530516515
GameObject:
  m_ObjectHideFlags: 0
  m_CorrespondingSourceObject: {fileID: 0}
  m_PrefabInstance: {fileID: 0}
  m_PrefabAsset: {fileID: 0}
  serializedVersion: 6
  m_Component:
  - component: {fileID: 2062322460453914045}
  m_Layer: 0
  m_Name: Collider
  m_TagString: Untagged
  m_Icon: {fileID: 0}
  m_NavMeshLayer: 0
  m_StaticEditorFlags: 0
  m_IsActive: 1
--- !u!4 &2062322460453914045
Transform:
  m_ObjectHideFlags: 0
  m_CorrespondingSourceObject: {fileID: 0}
  m_PrefabInstance: {fileID: 0}
  m_PrefabAsset: {fileID: 0}
  m_GameObject: {fileID: 2060092031530516515}
  m_LocalRotation: {x: -0, y: -0, z: -0, w: 1}
  m_LocalPosition: {x: 0, y: 0, z: 0}
  m_LocalScale: {x: 1, y: 1, z: 1}
  m_Children:
  - {fileID: 2053896271867877305}
  - {fileID: 2062410695593561369}
  - {fileID: 2062338649129572597}
  - {fileID: 2062598830011884573}
  - {fileID: 2053676001807124627}
  m_Father: {fileID: 2062310815892529285}
  m_RootOrder: 0
  m_LocalEulerAnglesHint: {x: 0, y: 0, z: 0}
--- !u!1001 &4355411459185771993
PrefabInstance:
  m_ObjectHideFlags: 0
  serializedVersion: 2
  m_Modification:
    m_TransformParent: {fileID: 2062310815892529285}
    m_Modifications:
    - target: {fileID: 4986056263818738168, guid: 7ee8ba128ca3cf3448d1ee51bedcd2b2, type: 3}
      propertyPath: m_RootOrder
      value: 1
      objectReference: {fileID: 0}
    - target: {fileID: 4986056263818738168, guid: 7ee8ba128ca3cf3448d1ee51bedcd2b2, type: 3}
      propertyPath: m_LocalPosition.x
      value: 3.07
      objectReference: {fileID: 0}
    - target: {fileID: 4986056263818738168, guid: 7ee8ba128ca3cf3448d1ee51bedcd2b2, type: 3}
      propertyPath: m_LocalPosition.y
      value: 0.5
      objectReference: {fileID: 0}
    - target: {fileID: 4986056263818738168, guid: 7ee8ba128ca3cf3448d1ee51bedcd2b2, type: 3}
      propertyPath: m_LocalPosition.z
      value: 2.19
      objectReference: {fileID: 0}
    - target: {fileID: 4986056263818738168, guid: 7ee8ba128ca3cf3448d1ee51bedcd2b2, type: 3}
      propertyPath: m_LocalRotation.w
      value: 0.00024454854
      objectReference: {fileID: 0}
    - target: {fileID: 4986056263818738168, guid: 7ee8ba128ca3cf3448d1ee51bedcd2b2, type: 3}
      propertyPath: m_LocalRotation.x
      value: -0.00024469759
      objectReference: {fileID: 0}
    - target: {fileID: 4986056263818738168, guid: 7ee8ba128ca3cf3448d1ee51bedcd2b2, type: 3}
      propertyPath: m_LocalRotation.y
      value: -0.70710677
      objectReference: {fileID: 0}
    - target: {fileID: 4986056263818738168, guid: 7ee8ba128ca3cf3448d1ee51bedcd2b2, type: 3}
      propertyPath: m_LocalRotation.z
      value: -0.7071067
      objectReference: {fileID: 0}
    - target: {fileID: 4986056263818738168, guid: 7ee8ba128ca3cf3448d1ee51bedcd2b2, type: 3}
      propertyPath: m_LocalEulerAnglesHint.x
      value: -90
      objectReference: {fileID: 0}
    - target: {fileID: 4986056263818738168, guid: 7ee8ba128ca3cf3448d1ee51bedcd2b2, type: 3}
      propertyPath: m_LocalEulerAnglesHint.y
      value: 0
      objectReference: {fileID: 0}
    - target: {fileID: 4986056263818738168, guid: 7ee8ba128ca3cf3448d1ee51bedcd2b2, type: 3}
      propertyPath: m_LocalEulerAnglesHint.z
      value: -92.947
      objectReference: {fileID: 0}
    - target: {fileID: 5712136249843503337, guid: 7ee8ba128ca3cf3448d1ee51bedcd2b2, type: 3}
      propertyPath: m_Name
      value: Laser Right
      objectReference: {fileID: 0}
    m_RemovedComponents: []
  m_SourcePrefab: {fileID: 100100000, guid: 7ee8ba128ca3cf3448d1ee51bedcd2b2, type: 3}
--- !u!4 &8737968870497319969 stripped
Transform:
  m_CorrespondingSourceObject: {fileID: 4986056263818738168, guid: 7ee8ba128ca3cf3448d1ee51bedcd2b2, type: 3}
  m_PrefabInstance: {fileID: 4355411459185771993}
  m_PrefabAsset: {fileID: 0}
--- !u!1001 &8049018176476841785
PrefabInstance:
  m_ObjectHideFlags: 0
  serializedVersion: 2
  m_Modification:
    m_TransformParent: {fileID: 2062310815892529285}
    m_Modifications:
    - target: {fileID: 4986056263818738168, guid: 7ee8ba128ca3cf3448d1ee51bedcd2b2, type: 3}
      propertyPath: m_RootOrder
      value: 2
      objectReference: {fileID: 0}
    - target: {fileID: 4986056263818738168, guid: 7ee8ba128ca3cf3448d1ee51bedcd2b2, type: 3}
      propertyPath: m_LocalPosition.x
      value: -3.42
      objectReference: {fileID: 0}
    - target: {fileID: 4986056263818738168, guid: 7ee8ba128ca3cf3448d1ee51bedcd2b2, type: 3}
      propertyPath: m_LocalPosition.y
      value: 0.5
      objectReference: {fileID: 0}
    - target: {fileID: 4986056263818738168, guid: 7ee8ba128ca3cf3448d1ee51bedcd2b2, type: 3}
      propertyPath: m_LocalPosition.z
      value: 2.19
      objectReference: {fileID: 0}
    - target: {fileID: 4986056263818738168, guid: 7ee8ba128ca3cf3448d1ee51bedcd2b2, type: 3}
      propertyPath: m_LocalRotation.w
      value: 0.00024454854
      objectReference: {fileID: 0}
    - target: {fileID: 4986056263818738168, guid: 7ee8ba128ca3cf3448d1ee51bedcd2b2, type: 3}
      propertyPath: m_LocalRotation.x
      value: -0.00024469759
      objectReference: {fileID: 0}
    - target: {fileID: 4986056263818738168, guid: 7ee8ba128ca3cf3448d1ee51bedcd2b2, type: 3}
      propertyPath: m_LocalRotation.y
      value: -0.70710677
      objectReference: {fileID: 0}
    - target: {fileID: 4986056263818738168, guid: 7ee8ba128ca3cf3448d1ee51bedcd2b2, type: 3}
      propertyPath: m_LocalRotation.z
      value: -0.7071067
      objectReference: {fileID: 0}
    - target: {fileID: 4986056263818738168, guid: 7ee8ba128ca3cf3448d1ee51bedcd2b2, type: 3}
      propertyPath: m_LocalEulerAnglesHint.x
      value: -90
      objectReference: {fileID: 0}
    - target: {fileID: 4986056263818738168, guid: 7ee8ba128ca3cf3448d1ee51bedcd2b2, type: 3}
      propertyPath: m_LocalEulerAnglesHint.y
      value: 0
      objectReference: {fileID: 0}
    - target: {fileID: 4986056263818738168, guid: 7ee8ba128ca3cf3448d1ee51bedcd2b2, type: 3}
      propertyPath: m_LocalEulerAnglesHint.z
      value: -92.947
      objectReference: {fileID: 0}
    - target: {fileID: 5712136249843503337, guid: 7ee8ba128ca3cf3448d1ee51bedcd2b2, type: 3}
      propertyPath: m_Name
      value: Laser Left
      objectReference: {fileID: 0}
    m_RemovedComponents: []
  m_SourcePrefab: {fileID: 100100000, guid: 7ee8ba128ca3cf3448d1ee51bedcd2b2, type: 3}
--- !u!4 &3062971818464149185 stripped
Transform:
  m_CorrespondingSourceObject: {fileID: 4986056263818738168, guid: 7ee8ba128ca3cf3448d1ee51bedcd2b2, type: 3}
  m_PrefabInstance: {fileID: 8049018176476841785}
  m_PrefabAsset: {fileID: 0}
